@misc{wei2023symboltuningimprovesincontext,
      title={Symbol tuning improves in-context learning in language models}, 
      author={Jerry Wei and Le Hou and Andrew Lampinen and Xiangning Chen and Da Huang and Yi Tay and Xinyun Chen and Yifeng Lu and Denny Zhou and Tengyu Ma and Quoc V. Le},
      year={2023},
      eprint={2305.08298},
      archivePrefix={arXiv},
      primaryClass={cs.CL},
      url={https://arxiv.org/abs/2305.08298}, 
}

@misc{devlin2019bertpretrainingdeepbidirectional,
      title={BERT: Pre-training of Deep Bidirectional Transformers for Language Understanding}, 
      author={Jacob Devlin and Ming-Wei Chang and Kenton Lee and Kristina Toutanova},
      year={2019},
      eprint={1810.04805},
      archivePrefix={arXiv},
      primaryClass={cs.CL},
      url={https://arxiv.org/abs/1810.04805}, 
}

@misc{brown2020languagemodelsfewshotlearners,
      title={Language Models are Few-Shot Learners}, 
      author={Tom B. Brown and Benjamin Mann and Nick Ryder and Melanie Subbiah and Jared Kaplan and Prafulla Dhariwal and Arvind Neelakantan and Pranav Shyam and Girish Sastry and Amanda Askell and Sandhini Agarwal and Ariel Herbert-Voss and Gretchen Krueger and Tom Henighan and Rewon Child and Aditya Ramesh and Daniel M. Ziegler and Jeffrey Wu and Clemens Winter and Christopher Hesse and Mark Chen and Eric Sigler and Mateusz Litwin and Scott Gray and Benjamin Chess and Jack Clark and Christopher Berner and Sam McCandlish and Alec Radford and Ilya Sutskever and Dario Amodei},
      year={2020},
      eprint={2005.14165},
      archivePrefix={arXiv},
      primaryClass={cs.CL},
      url={https://arxiv.org/abs/2005.14165}, 
}

@misc{wei2022finetunedlanguagemodelszeroshot,
      title={Finetuned Language Models Are Zero-Shot Learners}, 
      author={Jason Wei and Maarten Bosma and Vincent Y. Zhao and Kelvin Guu and Adams Wei Yu and Brian Lester and Nan Du and Andrew M. Dai and Quoc V. Le},
      year={2022},
      eprint={2109.01652},
      archivePrefix={arXiv},
      primaryClass={cs.CL},
      url={https://arxiv.org/abs/2109.01652}, 
}

@misc{gao2019dialogstatetrackingneural,
      title={Dialog State Tracking: A Neural Reading Comprehension Approach}, 
      author={Shuyang Gao and Abhishek Sethi and Sanchit Agarwal and Tagyoung Chung and Dilek Hakkani-Tur},
      year={2019},
      eprint={1908.01946},
      archivePrefix={arXiv},
      primaryClass={cs.CL},
      url={https://arxiv.org/abs/1908.01946}, 
}

@misc{reynolds2021promptprogramminglargelanguage,
      title={Prompt Programming for Large Language Models: Beyond the Few-Shot Paradigm}, 
      author={Laria Reynolds and Kyle McDonell},
      year={2021},
      eprint={2102.07350},
      archivePrefix={arXiv},
      primaryClass={cs.CL},
      url={https://arxiv.org/abs/2102.07350}, 
}

@misc{ouyang2022traininglanguagemodelsfollow,
      title={Training language models to follow instructions with human feedback}, 
      author={Long Ouyang and Jeff Wu and Xu Jiang and Diogo Almeida and Carroll L. Wainwright and Pamela Mishkin and Chong Zhang and Sandhini Agarwal and Katarina Slama and Alex Ray and John Schulman and Jacob Hilton and Fraser Kelton and Luke Miller and Maddie Simens and Amanda Askell and Peter Welinder and Paul Christiano and Jan Leike and Ryan Lowe},
      year={2022},
      eprint={2203.02155},
      archivePrefix={arXiv},
      primaryClass={cs.CL},
      url={https://arxiv.org/abs/2203.02155}, 
}

@ARTICLE{classicapproach,
      author={Luhn, H. P.},
      journal={IBM Journal of Research and Development}, 
      title={The Automatic Creation of Literature Abstracts}, 
      year={1958},
      volume={2},
      number={2},
      pages={159-165},
      keywords={},
      doi={10.1147/rd.22.0159}
}

@inproceedings{mlnewsappr,
      author = {Yang, Yiming and Pedersen, Jan O.},
      title = {A Comparative Study on Feature Selection in Text Categorization},
      year = {1997},
      isbn = {1558604863},
      publisher = {Morgan Kaufmann Publishers Inc.},
      address = {San Francisco, CA, USA},
      booktitle = {Proceedings of the Fourteenth International Conference on Machine Learning},
      pages = {412–420},
      numpages = {9},
      series = {ICML '97}
}

@article{article222,
      author = {Felicilda, Mary and Geriane, Aries and Agustin, Vivien and Blanco, Mark Christopher and Morano, Jonathan and Mahusay, Leisyl and Guialil, Jamillah},
      year = {2024},
      month = {05},
      pages = {1075-1079},
      title = {Enhancement of random forest algorithm applied in fake news detection},
      volume = {22},
      journal = {World Journal of Advanced Research and Reviews},
      doi = {10.30574/wjarr.2024.22.2.1439}
}

@article{necosssss,
      author = {Hochreiter, Sepp and Schmidhuber, J\"{u}rgen},
      title = {Long Short-Term Memory},
      year = {1997},
      issue_date = {November 15, 1997},
      publisher = {MIT Press},
      address = {Cambridge, MA, USA},
      volume = {9},
      number = {8},
      issn = {0899-7667},
      url = {https://doi.org/10.1162/neco.1997.9.8.1735},
      doi = {10.1162/neco.1997.9.8.1735},
      journal = {Neural Comput.},
      month = nov,
      pages = {1735–1780},
      numpages = {46}
}

@article{Hu_2024,
      title={Bad Actor, Good Advisor: Exploring the Role of Large Language Models in Fake News Detection},
      volume={38},
      ISSN={2159-5399},
      url={http://dx.doi.org/10.1609/aaai.v38i20.30214},
      DOI={10.1609/aaai.v38i20.30214},
      number={20},
      journal={Proceedings of the AAAI Conference on Artificial Intelligence},
      publisher={Association for the Advancement of Artificial Intelligence (AAAI)},
      author={Hu, Beizhe and Sheng, Qiang and Cao, Juan and Shi, Yuhui and Li, Yang and Wang, Danding and Qi, Peng},
      year={2024},
      month=mar, pages={22105–22113}
}

@article{articleclip,
      author = {Wang, Jingwei and Zhu, Ziyue and Liu, Chunxiao and Li, Rong and Wu, Xin},
      year = {2024},
      month = {10},
      pages = {},
      title = {LLM-Enhanced multimodal detection of fake news},
      volume = {19},
      journal = {PLOS ONE},
      doi = {10.1371/journal.pone.0312240}
}

@misc{sanh2022multitaskpromptedtrainingenables,
      title={Multitask Prompted Training Enables Zero-Shot Task Generalization}, 
      author={Victor Sanh and Albert Webson and Colin Raffel and Stephen H. Bach and Lintang Sutawika and Zaid Alyafeai and Antoine Chaffin and Arnaud Stiegler and Teven Le Scao and Arun Raja and Manan Dey and M Saiful Bari and Canwen Xu and Urmish Thakker and Shanya Sharma Sharma and Eliza Szczechla and Taewoon Kim and Gunjan Chhablani and Nihal Nayak and Debajyoti Datta and Jonathan Chang and Mike Tian-Jian Jiang and Han Wang and Matteo Manica and Sheng Shen and Zheng Xin Yong and Harshit Pandey and Rachel Bawden and Thomas Wang and Trishala Neeraj and Jos Rozen and Abheesht Sharma and Andrea Santilli and Thibault Fevry and Jason Alan Fries and Ryan Teehan and Tali Bers and Stella Biderman and Leo Gao and Thomas Wolf and Alexander M. Rush},
      year={2022},
      eprint={2110.08207},
      archivePrefix={arXiv},
      primaryClass={cs.LG},
      url={https://arxiv.org/abs/2110.08207}, 
}


@Article{electronics13040799,
      AUTHOR = {Zheng, Peng and Chen, Hao and Hu, Shu and Zhu, Bin and Hu, Jinrong and Lin, Ching-Sheng and Wu, Xi and Lyu, Siwei and Huang, Guo and Wang, Xin},
      TITLE = {Few-Shot Learning for Misinformation Detection Based on Contrastive Models},
      JOURNAL = {Electronics},
      VOLUME = {13},
      YEAR = {2024},
      NUMBER = {4},
      ARTICLE-NUMBER = {799},
      URL = {https://www.mdpi.com/2079-9292/13/4/799},
      ISSN = {2079-9292},
      DOI = {10.3390/electronics13040799}
}

@inproceedings{Heydari_2021,
      title={Deep Learning-based Sentiment Analysis in Persian Language},
      url={http://dx.doi.org/10.1109/ICWR51868.2021.9443152},
      DOI={10.1109/icwr51868.2021.9443152},
      booktitle={2021 7th International Conference on Web Research (ICWR)},
      publisher={IEEE},
      author={Heydari, Mohammad and Khazeni, Mohsen and Soltanshahi, Mohammad Ali},
      year={2021},
      month=may, pages={287–291}
}

@misc{reynoldspromptprogramm,
      title={Prompt Programming for Large Language Models: Beyond the Few-Shot Paradigm}, 
      author={Laria Reynolds and Kyle McDonell},
      year={2021},
      eprint={2102.07350},
      archivePrefix={arXiv},
      primaryClass={cs.CL},
      url={https://arxiv.org/abs/2102.07350}, 
}

@misc{sunationoptimization,
      title={Query-Dependent Prompt Evaluation and Optimization with Offline Inverse RL}, 
      author={Hao Sun and Alihan Hüyük and Mihaela van der Schaar},
      year={2024},
      eprint={2309.06553},
      archivePrefix={arXiv},
      primaryClass={cs.CL},
      url={https://arxiv.org/abs/2309.06553}, 
}

@misc{hemati2023khabarchinautomaticdetectionimportant,
      title={KhabarChin: Automatic Detection of Important News in the Persian Language}, 
      author={Hamed Hematian Hemati and Arash Lagzian and Moein Salimi Sartakhti and Hamid Beigy and Ehsaneddin Asgari},
      year={2023},
      eprint={2312.03361},
      archivePrefix={arXiv},
      primaryClass={cs.CL},
      url={https://arxiv.org/abs/2312.03361}, 
}

@misc{dao2022flashattentionfastmemoryefficientexact,
      title={FlashAttention: Fast and Memory-Efficient Exact Attention with IO-Awareness}, 
      author={Tri Dao and Daniel Y. Fu and Stefano Ermon and Atri Rudra and Christopher Ré},
      year={2022},
      eprint={2205.14135},
      archivePrefix={arXiv},
      primaryClass={cs.LG},
      url={https://arxiv.org/abs/2205.14135}, 
}